@misc{wiki_bundestag,
    title={Liste der politischen Parteien in Deutschland},
    author={Wikipedia},
    journal={Wikipedia},
    publisher={Wikimedia Foundation},
    year={2022},
    month={Dec},
    urldate = {2022-12-18},
    note = {URL: \url{https://de.wikipedia.org/wiki/Liste_der_politischen_Parteien_in_Deutschland}},
    eprint = {https://de.wikipedia.org/wiki/Liste_der_politischen_Parteien_in_Deutschland},
    url = {https://de.wikipedia.org/wiki/Liste_der_politischen_Parteien_in_Deutschland}
}

@article{schubert2016politiklexikon, title={Das Politiklexikon. 6., aktual. u. erw}, author={Schubert, Klaus and Klein, Martina}, journal={Aufl., Bonn: Dietz}, year={2016}}

@misc{conradt_2021,
    title={Christian Democratic Union},
    author={Conradt, David P},
    journal={Encyclopædia Britannica},
    publisher={Encyclopædia Britannica, inc.},
    year={2021},
    month={Dec},
    note = {URL: \url{https://www.britannica.com/topic/Christian-Democratic-Union-political-party-Germany}},
    eprint = {https://www.britannica.com/topic/Christian-Democratic-Union-political-party-Germany},
    url = {https://www.britannica.com/topic/Christian-Democratic-Union-political-party-Germany}
}

@misc{conradt_2013,
    title={Christian Social Union},
    author={Conradt, David P},
    journal={Encyclopædia Britannica},
    publisher={Encyclopædia Britannica, inc.},
    year={2013},
    month={Dec},
    note = {URL: \url{https://www.britannica.com/topic/Christian-Social-Union}},
    eprint = {https://www.britannica.com/topic/Christian-Social-Union},
    url = {https://www.britannica.com/topic/Christian-Social-Union}
}

@misc{decker_2021,
    title={Kurz und Bündig: Die Grünen: Parteien in Deutschland: BPB},
    author={Decker, Frank},
    journal={bpb.de},
    publisher={Bundeszentrale für politische Bildung},
    year={2021},
    month={Nov},
    note = {URL: \url{https://www.bpb.de/themen/parteien/parteien-in-deutschland/gruene/42149/kurz-und-buendig-die-gruenen/}},
    eprint = {https://www.bpb.de/themen/parteien/parteien-in-deutschland/gruene/42149/kurz-und-buendig-die-gruenen/},
    url = {https://www.bpb.de/themen/parteien/parteien-in-deutschland/gruene/42149/kurz-und-buendig-die-gruenen/}
}

@misc{wiki_fdp,
    title={Freie Demokratische Partei},
    author={Wikipedia},
    journal={Wikipedia},
    publisher={Wikimedia Foundation},
    year={2022},
    month={Nov},
    note = {URL: \url{https://de.wikipedia.org/wiki/Freie_Demokratische_Partei}},
    eprint = {https://de.wikipedia.org/wiki/Freie_Demokratische_Partei},
    url = {https://de.wikipedia.org/wiki/Freie_Demokratische_Partei}
}

@misc{bbc_2020,
    title={Germany's AFD: How right-wing is Nationalist Alternative for Germany?},
    author={BBC},
    journal={BBC News},
    publisher={BBC},
    year={2020},
    month={Feb},
    note = {URL: \url{https://www.bbc.com/news/world-europe-37274201}},
    eprint = {https://www.bbc.com/news/world-europe-37274201},
    url = {https://www.bbc.com/news/world-europe-37274201}
}

@misc{wiki_linke,
    title={The Left (Germany)},
    author={Wikipedia},
    journal={Wikipedia},
    publisher={Wikimedia Foundation},
    year={2022},
    month={Dec},
    note = {URL: \url{https://en.wikipedia.org/wiki/The_Left_(Germany)}},
    eprint = {https://en.wikipedia.org/wiki/The_Left_(Germany)},
    url = {https://en.wikipedia.org/wiki/The_Left_(Germany)}
}

@article{vaswani2017attention,
  title={Attention is all you need},
  author={Vaswani, Ashish and Shazeer, Noam and Parmar, Niki and Uszkoreit, Jakob and Jones, Llion and Gomez, Aidan N and Kaiser, {\L}ukasz and Polosukhin, Illia},
  journal={Advances in neural information processing systems},
  volume={30},
  year={2017}
}

@article{bahdanau2014neural,
  title={Neural machine translation by jointly learning to align and translate},
  author={Bahdanau, Dzmitry and Cho, Kyunghyun and Bengio, Yoshua},
  journal={arXiv preprint arXiv:1409.0473},
  year={2014}
}

@article{sutskever2014sequence,
  title={Sequence to sequence learning with neural networks},
  author={Sutskever, Ilya and Vinyals, Oriol and Le, Quoc V},
  journal={Advances in neural information processing systems},
  volume={27},
  year={2014}
}

@MISC {stackoverflow_attention,
    TITLE = {What exactly are keys, queries, and values in attention mechanisms?},
    AUTHOR = {dontloo},
    HOWPUBLISHED = {Cross Validated},
    NOTE = {URL: https://stats.stackexchange.com/q/424127 (version: 2021-12-31)},
    EPRINT = {https://stats.stackexchange.com/q/424127},
    URL = {https://stats.stackexchange.com/q/424127}, year={2019}, month={Aug}
}

@article{li2020bertflow,
  title={On the sentence embeddings from pre-trained language models},
  author={Li, Bohan and Zhou, Hao and He, Junxian and Wang, Mingxuan and Yang, Yiming and Li, Lei},
  journal={arXiv preprint arXiv:2011.05864},
  year={2020}
}

@article{kingma2018glow,
  title={Glow: Generative flow with invertible 1x1 convolutions},
  author={Kingma, Durk P and Dhariwal, Prafulla},
  journal={Advances in neural information processing systems},
  volume={31},
  year={2018}
}

@article{huang2021whiteningbert,
  title={Whiteningbert: An easy unsupervised sentence embedding approach},
  author={Huang, Junjie and Tang, Duyu and Zhong, Wanjun and Lu, Shuai and Shou, Linjun and Gong, Ming and Jiang, Daxin and Duan, Nan},
  journal={arXiv preprint arXiv:2104.01767},
  year={2021}
}

@article{reimers2019sbert,
  title={Sentence-bert: Sentence embeddings using siamese bert-networks},
  author={Reimers, Nils and Gurevych, Iryna},
  journal={arXiv preprint arXiv:1908.10084},
  year={2019}
}

@article{wang2020sbertwk,
  title={Sbert-wk: A sentence embedding method by dissecting bert-based word models},
  author={Wang, Bin and Kuo, C-C Jay},
  journal={IEEE/ACM Transactions on Audio, Speech, and Language Processing},
  volume={28},
  pages={2146--2157},
  year={2020},
  publisher={IEEE}
}

@article{zhang2020isbert,
  title={An unsupervised sentence embedding method by mutual information maximization},
  author={Zhang, Yan and He, Ruidan and Liu, Zuozhu and Lim, Kwan Hui and Bing, Lidong},
  journal={arXiv preprint arXiv:2009.12061},
  year={2020}
}

@misc{wahl-o-mat-rohmann,
    title={Was ist der wahl-O-mat?},
    author={Rohmann, S.},
    journal={Universität Siegen | Wahl-O-Mat},
    year={2009},
    month={Nov},
    note = {URL: \url{https://www.uni-siegen.de/wahlomat/was_ist.html}},
    eprint = {https://www.uni-siegen.de/wahlomat/was_ist.html},
    url = {https://www.uni-siegen.de/wahlomat/was_ist.html}
}

@misc{wahl-o-mat-marschall,
    title={Universität Düsseldorf: Facts about the wahl-O-mat},
    author={Marschall, Stefan},
    journal={Facts about the Wahl-O-Mat},
    year={2022},
    note = {URL: \url{https://www.sozwiss.hhu.de/en/institut/abteilungen/politikwissenschaft/politik-ii/prof-dr-stefan-marschall/forschungsprojekte/wahl-o-mat-research/facts-about-the-wahl-o-mat}},
    eprint = {https://www.sozwiss.hhu.de/en/institut/abteilungen/politikwissenschaft/politik-ii/prof-dr-stefan-marschall/forschungsprojekte/wahl-o-mat-research/facts-about-the-wahl-o-mat},
    url = {https://www.sozwiss.hhu.de/en/institut/abteilungen/politikwissenschaft/politik-ii/prof-dr-stefan-marschall/forschungsprojekte/wahl-o-mat-research/facts-about-the-wahl-o-mat}
}

@article{robertson1995okapi,
  title={Okapi at TREC-3},
  author={Robertson, Stephen E and Walker, Steve and Jones, Susan and Hancock-Beaulieu, Micheline M and Gatford, Mike and others},
  journal={Nist Special Publication Sp},
  volume={109},
  pages={109},
  year={1995},
  publisher={National Institute of Standards \& Technology}
}

@inproceedings{trotman2014rankbm25,
  title={Improvements to BM25 and language models examined},
  author={Trotman, Andrew and Puurula, Antti and Burgess, Blake},
  booktitle={Proceedings of the 2014 Australasian Document Computing Symposium},
  pages={58--65},
  year={2014}
}

@software{rank_bm25,
  author = {Dorian Brown},
  title = {{Rank-BM25: A Collection of BM25 Algorithms in Python}},
  year = 2020,
  publisher = {Zenodo},
  doi = {10.5281/zenodo.4520057},
  url = {https://doi.org/10.5281/zenodo.4520057}
}

@inproceedings{lv2011lower,
  title={Lower-bounding term frequency normalization},
  author={Lv, Yuanhua and Zhai, ChengXiang},
  booktitle={Proceedings of the 20th ACM international conference on Information and knowledge management},
  pages={7--16},
  year={2011}
}

@article{devlin2018bert,
  title={Bert: Pre-training of deep bidirectional transformers for language understanding},
  author={Devlin, Jacob and Chang, Ming-Wei and Lee, Kenton and Toutanova, Kristina},
  journal={arXiv preprint arXiv:1810.04805},
  year={2018}
}

@article{peters2018elmo,
  author    = {Matthew E. Peters and
               Mark Neumann and
               Mohit Iyyer and
               Matt Gardner and
               Christopher Clark and
               Kenton Lee and
               Luke Zettlemoyer},
  title     = {Deep contextualized word representations},
  journal   = {CoRR},
  volume    = {abs/1802.05365},
  year      = {2018},
  url       = {http://arxiv.org/abs/1802.05365},
  eprinttype = {arXiv},
  eprint    = {1802.05365},
  timestamp = {Mon, 13 Aug 2018 16:48:54 +0200},
  biburl    = {https://dblp.org/rec/journals/corr/abs-1802-05365.bib},
  bibsource = {dblp computer science bibliography, https://dblp.org}
}

@article{radford2018gpt,
  title={Improving language understanding by generative pre-training},
  author={Radford, Alec and Narasimhan, Karthik and Salimans, Tim and Sutskever, Ilya and others},
  year={2018},
  publisher={OpenAI}
}

@article{bakhtin2022human,
  title={Human-level play in the game of Diplomacy by combining language models with strategic reasoning},
  author={Bakhtin, Anton and Brown, Noam and Dinan, Emily and Farina, Gabriele and Flaherty, Colin and Fried, Daniel and Goff, Andrew and Gray, Jonathan and Hu, Hengyuan and others},
  journal={Science},
  volume={378},
  number={6624},
  pages={1067--1074},
  year={2022},
  publisher={American Association for the Advancement of Science}
}

@article{gupta2021synthesizing,
  title={Synthesizing adversarial negative responses for robust response ranking and evaluation},
  author={Gupta, Prakhar and Tsvetkov, Yulia and Bigham, Jeffrey P},
  journal={arXiv preprint arXiv:2106.05894},
  year={2021}
}

@article{brown2020gpt3,
  title={Language models are few-shot learners},
  author={Brown, Tom and Mann, Benjamin and Ryder, Nick and Subbiah, Melanie and Kaplan, Jared D and Dhariwal, Prafulla and Neelakantan, Arvind and Shyam, Pranav and Sastry, Girish and Askell, Amanda and others},
  journal={Advances in neural information processing systems},
  volume={33},
  pages={1877--1901},
  year={2020}
}

@article{lester2021power,
  title={The power of scale for parameter-efficient prompt tuning},
  author={Lester, Brian and Al-Rfou, Rami and Constant, Noah},
  journal={arXiv preprint arXiv:2104.08691},
  year={2021}
}

@article{raffel2020exploring,
  title={Exploring the limits of transfer learning with a unified text-to-text transformer},
  author={Raffel, Colin and Shazeer, Noam and Roberts, Adam and Lee, Katherine and Narang, Sharan and Matena, Michael and Zhou, Yanqi and Li, Wei and Liu, Peter J},
  journal={The Journal of Machine Learning Research},
  volume={21},
  number={1},
  pages={5485--5551},
  year={2020},
  publisher={JMLRORG}
}

@article{clark2020electra,
  title={Electra: Pre-training text encoders as discriminators rather than generators},
  author={Clark, Kevin and Luong, Minh-Thang and Le, Quoc V and Manning, Christopher D},
  journal={arXiv preprint arXiv:2003.10555},
  year={2020}
}

@misc{roberts_2020,
    title={Exploring transfer learning with T5: The text-to-text transfer transformer},
    author={Roberts, Adam},
    journal={Google AI Blog},
    publisher={Google Research},
    year={2020},
    month={Feb},
    note = {URL: \url{https://ai.googleblog.com/2020/02/exploring-transfer-learning-with-t5.html}},
    eprint = {https://ai.googleblog.com/2020/02/exploring-transfer-learning-with-t5.html},
    url = {https://ai.googleblog.com/2020/02/exploring-transfer-learning-with-t5.html}
}
 
@misc{witte_2022,
    title={Wahl-O-Bot: Der Ki Wahlcheck},
    author={Witte, Maximilian and Schwenzow, Jasper and Heitmann, Mark and Assenmacher, Matthias},
    journal={Wahl-O-Bot},
    year={2022},
    note = {URL: \url{https://wahl-o-bot.de/Methodik}},
    eprint = {https://wahl-o-bot.de/Methodik},
    url = {https://wahl-o-bot.de/Methodik}
}

@article{radford2019language,
  title={Language models are unsupervised multitask learners},
  author={Radford, Alec and Wu, Jeffrey and Child, Rewon and Luan, David and Amodei, Dario and Sutskever, Ilya and others},
  journal={OpenAI blog},
  volume={1},
  number={8},
  pages={9},
  year={2019}
}

@misc{german_bert,
    title={bert-base-german-cased · Hugging Face},
    author={Chan, Branden and Möller, Timo and Pietsch, Malte and Soni, Tanay},
    journal={Huggingface},
    year={2019},
    month={Jun},
    note = {URL: \url{https://huggingface.co/bert-base-german-cased}},
    eprint = {https://huggingface.co/bert-base-german-cased},
    url = {https://huggingface.co/bert-base-german-cased}
}

@misc{german_electra,
    title={bert-base-german-cased · Hugging Face},
    author={May, Philip and Reißel, Philipp},
    journal={Huggingface},
    year={2020},
    month={Aug},
    note = {URL: \url{https://huggingface.co/german-nlp-group/electra-base-german-uncased}},
    eprint = {https://huggingface.co/german-nlp-group/electra-base-german-uncased},
    url = {https://huggingface.co/german-nlp-group/electra-base-german-uncased}
}

@inproceedings{sharma2016prediction,
  title={Prediction of Indian election using sentiment analysis on Hindi Twitter},
  author={Sharma, Parul and Moh, Teng-Sheng},
  booktitle={2016 IEEE international conference on big data (big data)},
  pages={1966--1971},
  year={2016},
  organization={IEEE}
}

@inproceedings{iyyer2014political,
  title={Political ideology detection using recursive neural networks},
  author={Iyyer, Mohit and Enns, Peter and Boyd-Graber, Jordan and Resnik, Philip},
  booktitle={Proceedings of the 52nd Annual Meeting of the Association for Computational Linguistics (Volume 1: Long Papers)},
  pages={1113--1122},
  year={2014}
}

@misc{trump_bot,
    title={MIT built a Donald Trump ai twitter bot that sounds scarily like him},
    author={Murphy, Mike},
    journal={Quartz}, 
    publisher={Quartz},
    year={2016},
    month={Mar},
    note = {URL: \url{https://qz.com/631497/mit-built-a-donald-trump-ai-twitter-bot-that-sounds-scarily-like-him}},
    eprint = {https://qz.com/631497/mit-built-a-donald-trump-ai-twitter-bot-that-sounds-scarily-like-him},
    url = {https://qz.com/631497/mit-built-a-donald-trump-ai-twitter-bot-that-sounds-scarily-like-him}
}

@article{hartmann2023political,
  title={The political ideology of conversational AI: Converging evidence on ChatGPT's pro-environmental, left-libertarian orientation},
  author={Hartmann, Jochen and Schwenzow, Jasper and Witte, Maximilian},
  journal={arXiv preprint arXiv:2301.01768},
  year={2023}
}

@article{xue2020mt5,
  author    = {Linting Xue and
               Noah Constant and
               Adam Roberts and
               Mihir Kale and
               Rami Al{-}Rfou and
               Aditya Siddhant and
               Aditya Barua and
               Colin Raffel},
  title     = {mT5: {A} massively multilingual pre-trained text-to-text transformer},
  journal   = {CoRR},
  volume    = {abs/2010.11934},
  year      = {2020},
  url       = {https://arxiv.org/abs/2010.11934},
  eprinttype = {arXiv},
  eprint    = {2010.11934},
  timestamp = {Tue, 27 Oct 2020 11:22:08 +0100},
  biburl    = {https://dblp.org/rec/journals/corr/abs-2010-11934.bib},
  bibsource = {dblp computer science bibliography, https://dblp.org}
}

@article{elman1990rnn,
  title={Finding structure in time},
  author={Elman, Jeffrey L},
  journal={Cognitive science},
  volume={14},
  number={2},
  pages={179--211},
  year={1990},
  publisher={Wiley Online Library}
}

@article{hochreiter1997lstm,
  title={Long short-term memory},
  author={Hochreiter, Sepp and Schmidhuber, J{\"u}rgen},
  journal={Neural computation},
  volume={9},
  number={8},
  pages={1735--1780},
  year={1997},
  publisher={MIT press}
}

@article{cho2014gru,
  title={Learning phrase representations using RNN encoder-decoder for statistical machine translation},
  author={Cho, Kyunghyun and Van Merri{\"e}nboer, Bart and Gulcehre, Caglar and Bahdanau, Dzmitry and Bougares, Fethi and Schwenk, Holger and Bengio, Yoshua},
  journal={arXiv preprint arXiv:1406.1078},
  year={2014}
}

@inproceedings{he2016deep,
  title={Deep residual learning for image recognition},
  author={He, Kaiming and Zhang, Xiangyu and Ren, Shaoqing and Sun, Jian},
  booktitle={Proceedings of the IEEE conference on computer vision and pattern recognition},
  pages={770--778},
  year={2016}
}

@article{ba2016layer,
  title={Layer normalization},
  author={Ba, Jimmy Lei and Kiros, Jamie Ryan and Hinton, Geoffrey E},
  journal={arXiv preprint arXiv:1607.06450},
  year={2016}
}

@inproceedings{nair2010rectified,
  title={Rectified linear units improve restricted boltzmann machines},
  author={Nair, Vinod and Hinton, Geoffrey E},
  booktitle={Proceedings of the 27th international conference on machine learning (ICML-10)},
  pages={807--814},
  year={2010}
}

@inproceedings{reimers-2020-multilingual-sentence-bert,
  title = "Making Monolingual Sentence Embeddings Multilingual using Knowledge Distillation",
  author = "Reimers, Nils and Gurevych, Iryna",
  booktitle = "Proceedings of the 2020 Conference on Empirical Methods in Natural Language Processing",
  month = "11",
  year = "2020",
  publisher = "Association for Computational Linguistics",
  url = "https://arxiv.org/abs/2004.09813",
}

@misc{reimers_2022,
    title={Pretrained models},
    author={Reimers, Nils},
    journal={Pretrained Models - Sentence-Transformers documentation},
    year={2022},
    note = {URL: \url{https://sbert.net/docs/pretrained_models.html}},
    eprint = {https://sbert.net/docs/pretrained_models.html},
    url = {https://sbert.net/docs/pretrained_models.html}
}

@misc{pytorch-bertflow,
  author = {Wang, Kexin},
  title = {Pytorch - Bertflow},
  year = {2021},
  publisher = {GitHub},
  journal = {GitHub repository},
  note = {URL: \url{https://github.com/UKPLab/pytorch-bertflow}},
  eprint = {https://github.com/UKPLab/pytorch-bertflow},
  url = {https://github.com/UKPLab/pytorch-bertflow}
}

@misc{sbert-wk,
  author = {Wang, Bin},
  title = {SBERT-WK: A Sentence Embedding Method By Dissecting BERT-based Word Models},
  year = {2020},
  publisher = {GitHub},
  journal = {GitHub repository},
  note = {URL: \url{https://github.com/BinWang28/SBERT-WK-Sentence-Embedding}},
  eprint = {https://github.com/BinWang28/SBERT-WK-Sentence-Embedding},
  url = {https://github.com/BinWang28/SBERT-WK-Sentence-Embedding}
}

@misc{isbert,
  author = {Zhang, Yan},
  title = {IS-BERT},
  year = {2020},
  publisher = {GitHub},
  journal = {GitHub repository},
  note = {URL: \url{https://github.com/yanzhangnlp/IS-BERT}},
  eprint = {https://github.com/yanzhangnlp/IS-BERT},
  url = {https://github.com/yanzhangnlp/IS-BERT}
}


@misc{chatgpt, 
  author={{OpenAI}}, 
  title={ChatGPT: Optimizing Language Models for Dialogue},
  year = 2022, 
  note = {URL: \url{https://openai.com/blog/chatgpt/}, Accessed: 2023-01-10},
  eprint = {https://openai.com/blog/chatgpt/},
  url = {https://openai.com/blog/chatgpt/}
}

@misc{cohere, 
  author={Reimers, Nils and Kayid, Amr}, 
  title={Bonjour. \<مرحبا>. Guten tag. Hola. Cohere's Multilingual Text Understanding Model is Now Available},
  year = 2022, 
  note = {URL: \url{https://txt.cohere.ai/multilingual/}, Accessed: 2023-03-30},
  eprint = {https://txt.cohere.ai/multilingual/},
  url = {https://txt.cohere.ai/multilingual/}
}

@misc{wahlomat, 
  author={{Bundeszentrale für politische Bildung}}, 
  title={Wahl-O-Mat},
  year = 2021, 
  note = {URL: \url{https://www.bpb.de/themen/wahl-o-mat/}},
  eprint = {https://www.bpb.de/themen/wahl-o-mat/},
  url = {https://www.bpb.de/themen/wahl-o-mat/}
}

@misc{invest, 
  author={{Tech Advisor}}, 
  title={How tech giants are investing in artificial intelligence},
  year = 2019, 
  note = {URL: \url{https://www.techadvisor.com/article/724782/how-tech-giants-are-investing-in-artificial-intelligence.html}, Accessed: 2023-04-03},
  eprint = {https://www.techadvisor.com/article/724782/how-tech-giants-are-investing-in-artificial-intelligence.html},
  url = {https://www.techadvisor.com/article/724782/how-tech-giants-are-investing-in-artificial-intelligence.html}
}

@misc{igel,
  author = {Schmid, Philipp},
  title = {IGEL: Instruction-tuned German large Language Model for Text},
  year = {2023},
  publisher = {GitHub},
  journal = {GitHub repository},
  note = {URL: \url{https://huggingface.co/philschmid/instruct-igel-001}},
  eprint = {https://huggingface.co/philschmid/instruct-igel-001},
  url = {https://huggingface.co/philschmid/instruct-igel-001}
}

@misc{bloom-german,
  author = {Ostendorff, Malte},
  title = {BLOOM-CLP German (6.4B parameters)},
  year = {2022},
  publisher = {GitHub},
  journal = {GitHub repository},
  note = {URL: \url{https://huggingface.co/malteos/bloom-6b4-clp-german}},
  eprint = {https://huggingface.co/malteos/bloom-6b4-clp-german},
  url = {https://huggingface.co/malteos/bloom-6b4-clp-german}
}

@misc{bloom, 
  author={{BigScience}}, 
  title={Introducing The World’s Largest Open Multilingual Language Model: BLOOM},
  year = 2022, 
  note = {URL: \url{https://bigscience.huggingface.co/blog/bloom}},
  eprint = {https://bigscience.huggingface.co/blog/bloom},
  url = {https://bigscience.huggingface.co/blog/bloom}
}

@misc{sbert, 
  author={Kotamraju, Saketh}, 
  title={An Intuitive Explanation of Sentence-BERT},
  year = 2022, 
  note = {URL: \url{https://towardsdatascience.com/an-intuitive-explanation-of-sentence-bert-1984d144a868}},
  eprint = {https://towardsdatascience.com/an-intuitive-explanation-of-sentence-bert-1984d144a868},
  url = {https://towardsdatascience.com/an-intuitive-explanation-of-sentence-bert-1984d144a868}
}

@article{shliazhko2022mgpt,
  title={mgpt: Few-shot learners go multilingual},
  author={Shliazhko, Oleh and Fenogenova, Alena and Tikhonova, Maria and Mikhailov, Vladislav and Kozlova, Anastasia and Shavrina, Tatiana},
  journal={arXiv preprint arXiv:2204.07580},
  year={2022}
}


@article{GerElmo,
    title = "{German ELMo Model}",
    author = {Philip May},
    year = "2019", 
    note = {URL: \url{https://github.com/t-systems-on-site-services-gmbh/german-elmo-model}},
    eprint = {https://github.com/t-systems-on-site-services-gmbh/german-elmo-model},
    url = {https://github.com/t-systems-on-site-services-gmbh/german-elmo-model}
}